10400000         2673519320001501889290             01230000300000257570SINDIEVENTOS                  CAIXA ECONOMICA FEDERAL                 22312200803170200058206000000                                                                     
10400011T	01  030 2067351932000150188929              01230000300000257570SINDIEVENTOS                  000000                                  000000                                  000000002312200800000000                                 
1040001300001T 0601230000300000257570D000000000000000    1               31122008000000000075101341063274                         090000013585000001104984103000007510197889299177013585000001000000000000000000003260000000000                 
1040001300001U 060000000000000000000000000000000000000000000000000000000300400000000000751010000000000450610000000000000000000000000000001912200824122008190         000000000000000CIP COMPENSACAO               900                           
1040001300003T 0601230000300000257570D000000000000000    1               31122008000000000001833341007358                         090000030485540001104954103000000183397889297177030485540001410000000000000000003260000000000                 
1040001300004U 350000000000000000000000000000000000000000000000000000000007330000000000018330000000000011000000000000000000000000000000001912200824122008190         000000000000000CIP COMPENSACAO               741                           
10400015         00003000000000000000000000000000000000000000000000000000000000000000000000000000000000000000186787                                                                                                                             
10499999         000001000034000000                                                                                                                                                                                                             