10400000         267351932000150188929              01230000300000257570SINDIEVENTOS                  CAIXA ECONOMICA FEDERAL                 22312200803170200058206000000                                                                     
10400011T01  030 2067351932000150188929              01230000300000257570SINDIEVENTOS                  000000                                  000000                                  000000002312200800000000                                 
1040001300001T 0601230000300000257570D000000000000000    1               31122008000000000075101341063274                         090000013585000001104984103000007510197889299177013585000001000000000000000000003260000000000                 
1040001300002U 060000000000000000000000000000000000000000000000000000000300400000000000751010000000000450610000000000000000000000000000001912200824122008190         000000000000000CIP COMPENSACAO               900                           
1040001300003T 0601230000300000257570D000000000000000    1               31122008000000000001833341007358                         090000030485540001104954103000000183397889297177030485540001410000000000000000003260000000000                 
1040001300004U 060000000000000000000000000000000000000000000000000000000007330000000000018330000000000011000000000000000000000000000000001912200824122008190         000000000000000CIP COMPENSACAO               741                           
1040001300005T 0601230000300000257570D000000000000000    1               30122008000000000090688356017531                         090000051189010001104904102000009068897889298177051189010001230000000000000000003260000000000                 
1040001300006U 060000000000000000000000000000000000000000000000000000000362750000000000906880000000000544130000000000000000000000000000001912200824122008190         000000000000000CIP COMPENSACAO               823                           
1040001300007T 0601230000300000257570D000000000000000    1               07101997000000000000000341031283                         090000053704890003104900000000000000097889299177053704890003000000000000000000003260000000000                 
1040001300008U 060000000000000000000000000000000000000000000000000000000026800000000000067010000000000040210000000000000000000000000000001912200824122008190         000000000000000CIP COMPENSACAO               900                           
1040001300009T 0601230000300000257570D000000000000000    1               30122008000000000003666341007188                         090000054092200001104994102000000366697889297177054092200001730000000000000000003260000000000                 
1040001300010U 060000000000000000000000000000000000000000000000000000000014660000000000036660000000000022000000000000000000000000000000001912200824122008190         000000000000000CIP COMPENSACAO               773                           
1040001300011T 0601230000300000257570D000000000000000    1               30122008000000000007500341001910                         090000056132410001104944102000000750097889297177056132410001450000000000000000003260000000000                 
1040001300012U 060000000000000000000000000000000000000000000000000000000030000000000000075000000000000045000000000000000000000000000000001912200824122008190         000000000000000CIP COMPENSACAO               745                           
1040001300013T 0601230000300000257570D000000000000000    1               30122008000000000003000237005509                         090000069127490001104974102000000300097889297177069127490001130000000000000000003260000000000                 
1040001300014U 060000000000000000000000000000000000000000000000000000000012000000000000030000000000000018000000000000000000000000000000001912200824122008190         000000000000000CIP COMPENSACAO               713                           
1040001300015T 0601230000300000257570D000000000000000    1               31122008000000000087854341063274                         090000083492230001104934103000008785497889298177083492230001290000000000000000003260000000000                 
1040001300016U 060000000000000000000000000000000000000000000000000000000351420000000000878540000000000527120000000000000000000000000000001912200824122008190         000000000000000CIP COMPENSACAO               829                           
1040001300017T 0601230000300000257570D000000000000000    1               30122008000000000002667237031038                         090000085859250001104944102000000266797889298177085859250001230000000000000000003260000000000                 
1040001300018U 060000000000000000000000000000000000000000000000000000000010670000000000026670000000000016000000000000000000000000000000001912200824122008190         000000000000000CIP COMPENSACAO               823                           
1040001300019T 0601230000300000257570D000000000000000    1               31122008000000000002834237021180                         090000087311160001104954103000000283497889298177087311160001230000000000000000003260000000000                 
1040001300020U 060000000000000000000000000000000000000000000000000000000011340000000000028340000000000017000000000000000000000000000000001912200824122008190         000000000000000CIP COMPENSACAO               823                           
1040001300021T 0601230000300000257570D000000000000000    1               30122008000000000001500151009733                         090000087610840001104914102000000150097889296177087610840001020000000000000000003260000000000                 
1040001300022U 060000000000000000000000000000000000000000000000000000000006000000000000015000000000000009000000000000000000000000000000001912200824122008190         000000000000000CIP COMPENSACAO               602                           
1040001300023T 0601230000300000257570D000000000000000    1               31122008000000000001667409007056                         090000094621340001104964103000000166797889295177094621340001910000000000000000003260000000000                 
1040001300024U 060000000000000000000000000000000000000000000000000000000006670000000000016670000000000010000000000000000000000000000000001912200824122008190         000000000000000CIP COMPENSACAO               591                           
1040001300025T 0601230000300000257570D000000000000000    1               31122008000000000009600237028339                         090000658732830001104934103000000960097889298177658732830001290000000000000000003260000000000                 
1040001300026U 060000000000000000000000000000000000000000000000000000000038400000000000096000000000000057600000000000000000000000000000001912200824122008190         000000000000000CIP COMPENSACAO               829                           
1040001300027T 0601230000300000257570D000000000000000    1               30122008000000000004366341001848                         090000692791800001104934102000000436697889297177692791800001730000000000000000003260000000000                 
1040001300028U 060000000000000000000000000000000000000000000000000000000017460000000000043660000000000026200000000000000000000000000000001912200824122008190         000000000000000CIP COMPENSACAO               773                           
1040001300029T 0601230000300000257570D000000000000000    1               30122008000000000012334104003450                         090000042575900001104964102000001233497889299177042575900001310000000000000000001610000000000                 
1040001300030U 060000000000000000000000000000000000000000000000000000000049340000000000123340000000000074000000000000000000000000000000002212200824122008170         000000000000000LOTERICOS SISPL               931                           
10400015         00003000000000000000000000000000000000000000000000000000000000000000000000000000000000000000186787                                                                                                                             
10499999         000001000034000000                                                                                                                                                                                                             

