10400000         2673519320001501230870000000456    01230008700000004526SIND T FEIRAS CONGR EVENTOS SICAIXA ECONOMICA FEDERAL                 22704200901512300019903000000                                                      000            
10400011T0100020 20673519320001501230870000000456    01230008700000004526SIND T FEIRAS CONGR EVENTOS SI                                                                                000001992704200900000000                                 
1040001300001T 0601230008700000004526         860003486671               05052009000000000033410341007596                         090000000000000000                                                  0000000000003260401010000                 
1040001300002U 06000000000000000000000000000000000000000000000000000000000000000000000033410000000000033084000000000000000000000000000000270420092804200928042009                                                                               
10400015         00000400000000000000000000000                       0000000000000000000000000000000000000000000000                                                                                                                             
10499999         000001000006                                                                                                                                                                                                                   

